<?xml version="1.0" encoding="UTF-8"?><collection xmlns="http://www.loc.gov/MARC21/slim"><record><leader>00574nam--2200205-u-4500</leader><controlfield tag="001">000052264</controlfield><controlfield tag="002">20161230</controlfield><controlfield tag="005">20161230201050</controlfield><controlfield tag="008">100609s1000------------r-----000-0-RUS-d</controlfield><datafield ind1=" " ind2=" " tag="040"><subfield code="a">IFIN-HH</subfield></datafield><datafield ind1=" " ind2=" " tag="041"><subfield code="a">RUS</subfield></datafield><datafield ind1=" " ind2=" " tag="080"><subfield code="a">519.24</subfield></datafield><datafield ind1="1" ind2=" " tag="100"><subfield code="a">Dzhonson,N</subfield></datafield><datafield ind1="1" ind2="0" tag="245"><subfield code="a">Statistika i planirovanie eksperimenta v tehnike i nauke</subfield><subfield code="c">N. dzhonson; f. lion</subfield></datafield><datafield ind1=" " ind2=" " tag="260"><subfield code="a">Moskva</subfield><subfield code="b">Mir</subfield><subfield code="c">1981</subfield></datafield><datafield ind1=" " ind2=" " tag="300"><subfield code="a">520P</subfield></datafield><datafield ind1=" " ind2=" " tag="490"><subfield code="v">Vol.2</subfield></datafield><datafield ind1=" " ind2=" " tag="500"><subfield code="a">Statistics And Experimental Design In Engineering And The Physical Sciences</subfield></datafield><datafield ind1="0" ind2="0" tag="852"><subfield code="a">70229</subfield><subfield code="c">519.2</subfield></datafield><datafield ind1=" " ind2=" " tag="CAT"><subfield code="a">Sys</subfield><subfield code="c">20100609</subfield><subfield code="h">100351</subfield></datafield></record></collection>